<record><leader>00000cas a22000007a 4500</leader><controlfield tag="001">11847419</controlfield><controlfield tag="008">850325d18911895hiudr ne      0   a0haw c</controlfield><controlfield tag="009">5160</controlfield><datafield ind1=" " ind2=" " tag="010"><subfield code="a">sn 85047059 </subfield></datafield><datafield ind1=" " ind2=" " tag="040"><subfield code="a">HWN</subfield><subfield code="b">eng</subfield><subfield code="c">HWN</subfield><subfield code="d">OCLCQ</subfield><subfield code="d">OCLCG</subfield><subfield code="d">DLC</subfield><subfield code="d">OCLCF</subfield></datafield><datafield ind1=" " ind2=" " tag="012"><subfield code="l">a</subfield></datafield><datafield ind1="0" ind2=" " tag="022"><subfield code="a">2163-4653</subfield><subfield code="2">1</subfield></datafield><datafield ind1=" " ind2=" " tag="042"><subfield code="a">msc</subfield><subfield code="a">nsdp</subfield></datafield><datafield ind1=" " ind2=" " tag="043"><subfield code="a">n-us-hi</subfield></datafield><datafield ind1="0" ind2="0" tag="050"><subfield code="a">Newspaper</subfield></datafield><datafield ind1="1" ind2="0" tag="082"><subfield code="a">070</subfield><subfield code="2">14</subfield></datafield><datafield ind1="0" ind2=" " tag="130"><subfield code="a">Hawaii holomua (Honolulu, Hawaii : 1891 : Daily : Hawaiian)</subfield></datafield><datafield ind1=" " ind2="0" tag="222"><subfield code="a">Hawaii holomua</subfield><subfield code="b">(Honolulu, Hawaii. 1891. Daily. Hawaiian)</subfield></datafield><datafield ind1="0" ind2="0" tag="245"><subfield code="a">Hawaii holomua.</subfield></datafield><datafield ind1="1" ind2="3" tag="246"><subfield code="a">Hawaii puka-la holomua</subfield><subfield code="f">1894-1895</subfield></datafield><datafield ind1=" " ind2=" " tag="260"><subfield code="a">Honolulu :</subfield><subfield code="b">Hui Hoolaha Nupepa Hawaii Holomua</subfield></datafield><datafield ind1=" " ind2=" " tag="300"><subfield code="a">5 v. :</subfield><subfield code="b">ill.</subfield></datafield><datafield ind1=" " ind2=" " tag="310"><subfield code="a">Daily (except Sat.-Sun.)</subfield></datafield><datafield ind1="1" ind2=" " tag="362"><subfield code="a">Began in May 1891; ceased in 1895.</subfield><subfield code="z">Cf. Mookini, E.K. Hawaiian newspapers.</subfield></datafield><datafield ind1=" " ind2=" " tag="515"><subfield code="a">Beginning with Feb. 1, 1894 issue, vol. numbering repeats from buke 1, helu 1.</subfield></datafield><datafield ind1=" " ind2=" " tag="546"><subfield code="a">In Hawaiian.</subfield></datafield><datafield ind1=" " ind2=" " tag="500"><subfield code="a">Editors: T.P. Spencer, G.C. Kenyon, J.G.M. Sheldon. Cf. Mookini, E.K. Hawaiian newspapers.</subfield></datafield><datafield ind1=" " ind2=" " tag="530"><subfield code="a">Archived issues are available in digital format as part of the Library of Congress Chronicling America online collection.</subfield></datafield><datafield ind1=" " ind2=" " tag="580"><subfield code="a">Issued simultaneously with daily bilingual (Hawaiian/English) ed. of the same title: Hawaii holomua.</subfield></datafield><datafield ind1=" " ind2=" " tag="588"><subfield code="a">Description based on: Feberuari 1, 1894.</subfield></datafield><datafield ind1=" " ind2="0" tag="651"><subfield code="a">Honolulu (Hawaii)</subfield><subfield code="v">Newspapers.</subfield></datafield><datafield ind1=" " ind2="0" tag="651"><subfield code="a">Hawaii</subfield><subfield code="v">Newspapers.</subfield></datafield><datafield ind1=" " ind2="0" tag="650"><subfield code="a">Hawaiians</subfield><subfield code="v">Newspapers.</subfield></datafield><datafield ind1=" " ind2="7" tag="655"><subfield code="a">Newspapers.</subfield><subfield code="2">fast</subfield><subfield code="0">(OCoLC)fst01423814</subfield></datafield><datafield ind1=" " ind2="7" tag="650"><subfield code="a">Hawaiians.</subfield><subfield code="2">fast</subfield><subfield code="0">(OCoLC)fst00952033</subfield></datafield><datafield ind1=" " ind2="7" tag="651"><subfield code="a">Hawaii.</subfield><subfield code="2">fast</subfield><subfield code="0">(OCoLC)fst01208724</subfield></datafield><datafield ind1=" " ind2="7" tag="651"><subfield code="a">Hawaii</subfield><subfield code="z">Honolulu.</subfield><subfield code="2">fast</subfield><subfield code="0">(OCoLC)fst01204916</subfield></datafield><datafield ind1="1" ind2=" " tag="700"><subfield code="a">Spencer, Thomas P.</subfield></datafield><datafield ind1="1" ind2=" " tag="700"><subfield code="a">Kenyon, G. C.</subfield></datafield><datafield ind1="1" ind2=" " tag="700"><subfield code="a">Sheldon, J. G. M.</subfield><subfield code="q">(John G. M.)</subfield></datafield><datafield ind1=" " ind2=" " tag="752"><subfield code="a">United States</subfield><subfield code="b">Hawaii</subfield><subfield code="c">Honolulu</subfield><subfield code="d">Honolulu.</subfield></datafield><datafield ind1="1" ind2=" " tag="775"><subfield code="t">Hawaii holomua (Honolulu, Hawaii : 1891 : Daily : Hawaiian &amp; English)</subfield><subfield code="e">haweng</subfield><subfield code="w">(DLC)sn 85047058</subfield></datafield><datafield ind1="4" ind2="1" tag="856"><subfield code="u">http://www.loc.gov/chroniclingamerica/lccn/sn85047059/issues</subfield></datafield></record>